%YAML 1.1
%TAG !u! tag:unity3d.com,2011:
--- !u!1 &8564571276616268846
GameObject:
  m_ObjectHideFlags: 0
  m_CorrespondingSourceObject: {fileID: 0}
  m_PrefabInstance: {fileID: 0}
  m_PrefabAsset: {fileID: 0}
  serializedVersion: 6
  m_Component:
  - component: {fileID: 5089531449334560238}
  - component: {fileID: 7258912334074261288}
  - component: {fileID: 3430140851295711721}
  - component: {fileID: -4621902682912217187}
  m_Layer: 0
  m_Name: tree_spooky
  m_TagString: Untagged
  m_Icon: {fileID: 0}
  m_NavMeshLayer: 0
  m_StaticEditorFlags: 0
  m_IsActive: 1
--- !u!4 &5089531449334560238
Transform:
  m_ObjectHideFlags: 0
  m_CorrespondingSourceObject: {fileID: 0}
  m_PrefabInstance: {fileID: 0}
  m_PrefabAsset: {fileID: 0}
  m_GameObject: {fileID: 8564571276616268846}
  m_LocalRotation: {x: 0, y: 0, z: 0, w: 1}
  m_LocalPosition: {x: 0, y: 0, z: 0}
  m_LocalScale: {x: 1, y: 1, z: 1}
  m_ConstrainProportionsScale: 0
  m_Children:
  - {fileID: 3389500067784424816}
  m_Father: {fileID: 0}
  m_RootOrder: 0
  m_LocalEulerAnglesHint: {x: 0, y: 0, z: 0}
--- !u!114 &7258912334074261288
MonoBehaviour:
  m_ObjectHideFlags: 0
  m_CorrespondingSourceObject: {fileID: 0}
  m_PrefabInstance: {fileID: 0}
  m_PrefabAsset: {fileID: 0}
  m_GameObject: {fileID: 8564571276616268846}
  m_Enabled: 1
  m_EditorHideFlags: 0
  m_Script: {fileID: 11500000, guid: 42a6cb46be21d444287a96a322a96cb1, type: 3}
  m_Name: 
  m_EditorClassIdentifier: 
  ID: 
--- !u!114 &3430140851295711721
MonoBehaviour:
  m_ObjectHideFlags: 0
  m_CorrespondingSourceObject: {fileID: 0}
  m_PrefabInstance: {fileID: 0}
  m_PrefabAsset: {fileID: 0}
  m_GameObject: {fileID: 8564571276616268846}
  m_Enabled: 1
  m_EditorHideFlags: 0
  m_Script: {fileID: 11500000, guid: 20a7077a9db6d6d41950ce73134e6116, type: 3}
  m_Name: 
  m_EditorClassIdentifier: 
  generationInterval: 15
  generationAmount: 2
  timer: 0
--- !u!114 &-4621902682912217187
MonoBehaviour:
  m_ObjectHideFlags: 0
  m_CorrespondingSourceObject: {fileID: 0}
  m_PrefabInstance: {fileID: 0}
  m_PrefabAsset: {fileID: 0}
  m_GameObject: {fileID: 8564571276616268846}
  m_Enabled: 1
  m_EditorHideFlags: 0
  m_Script: {fileID: 11500000, guid: f1903de1389923f4ca587470141e36f0, type: 3}
  m_Name: 
  m_EditorClassIdentifier: 
  growthInterval: 50
  growthSteps: 10
  timer: 0
  current_step: 1
  treeObject: {fileID: 2612717764993066954}
--- !u!1001 &2919270609673165467
PrefabInstance:
  m_ObjectHideFlags: 0
  serializedVersion: 2
  m_Modification:
    m_TransformParent: {fileID: 5089531449334560238}
    m_Modifications:
    - target: {fileID: -8679921383154817045, guid: 155c2a4b854907942aafc0b7d207adaa,
        type: 3}
      propertyPath: m_RootOrder
      value: 0
      objectReference: {fileID: 0}
    - target: {fileID: -8679921383154817045, guid: 155c2a4b854907942aafc0b7d207adaa,
        type: 3}
      propertyPath: m_LocalScale.x
      value: 300
      objectReference: {fileID: 0}
    - target: {fileID: -8679921383154817045, guid: 155c2a4b854907942aafc0b7d207adaa,
        type: 3}
      propertyPath: m_LocalScale.y
      value: 300
      objectReference: {fileID: 0}
    - target: {fileID: -8679921383154817045, guid: 155c2a4b854907942aafc0b7d207adaa,
        type: 3}
      propertyPath: m_LocalScale.z
      value: 300
      objectReference: {fileID: 0}
    - target: {fileID: -8679921383154817045, guid: 155c2a4b854907942aafc0b7d207adaa,
        type: 3}
      propertyPath: m_LocalPosition.x
      value: 0
      objectReference: {fileID: 0}
    - target: {fileID: -8679921383154817045, guid: 155c2a4b854907942aafc0b7d207adaa,
        type: 3}
      propertyPath: m_LocalPosition.y
      value: 0
      objectReference: {fileID: 0}
    - target: {fileID: -8679921383154817045, guid: 155c2a4b854907942aafc0b7d207adaa,
        type: 3}
      propertyPath: m_LocalPosition.z
      value: 0
      objectReference: {fileID: 0}
    - target: {fileID: -8679921383154817045, guid: 155c2a4b854907942aafc0b7d207adaa,
        type: 3}
      propertyPath: m_LocalRotation.w
      value: 0.7071068
      objectReference: {fileID: 0}
    - target: {fileID: -8679921383154817045, guid: 155c2a4b854907942aafc0b7d207adaa,
        type: 3}
      propertyPath: m_LocalRotation.x
      value: -0.7071068
      objectReference: {fileID: 0}
    - target: {fileID: -8679921383154817045, guid: 155c2a4b854907942aafc0b7d207adaa,
        type: 3}
      propertyPath: m_LocalRotation.y
      value: 0
      objectReference: {fileID: 0}
    - target: {fileID: -8679921383154817045, guid: 155c2a4b854907942aafc0b7d207adaa,
        type: 3}
      propertyPath: m_LocalRotation.z
      value: 0
      objectReference: {fileID: 0}
    - target: {fileID: -8679921383154817045, guid: 155c2a4b854907942aafc0b7d207adaa,
        type: 3}
      propertyPath: m_LocalEulerAnglesHint.x
      value: -90
      objectReference: {fileID: 0}
    - target: {fileID: -8679921383154817045, guid: 155c2a4b854907942aafc0b7d207adaa,
        type: 3}
      propertyPath: m_LocalEulerAnglesHint.y
      value: 0
      objectReference: {fileID: 0}
    - target: {fileID: -8679921383154817045, guid: 155c2a4b854907942aafc0b7d207adaa,
        type: 3}
      propertyPath: m_LocalEulerAnglesHint.z
      value: 0
      objectReference: {fileID: 0}
    - target: {fileID: 919132149155446097, guid: 155c2a4b854907942aafc0b7d207adaa,
        type: 3}
      propertyPath: m_Name
      value: tree6
      objectReference: {fileID: 0}
    m_RemovedComponents: []
  m_SourcePrefab: {fileID: 100100000, guid: 155c2a4b854907942aafc0b7d207adaa, type: 3}
--- !u!1 &2612717764993066954 stripped
GameObject:
  m_CorrespondingSourceObject: {fileID: 919132149155446097, guid: 155c2a4b854907942aafc0b7d207adaa,
    type: 3}
  m_PrefabInstance: {fileID: 2919270609673165467}
  m_PrefabAsset: {fileID: 0}
--- !u!4 &3389500067784424816 stripped
Transform:
  m_CorrespondingSourceObject: {fileID: -8679921383154817045, guid: 155c2a4b854907942aafc0b7d207adaa,
    type: 3}
  m_PrefabInstance: {fileID: 2919270609673165467}
  m_PrefabAsset: {fileID: 0}
