%YAML 1.1
%TAG !u! tag:unity3d.com,2011:
--- !u!1 &2878207846818130921
GameObject:
  m_ObjectHideFlags: 0
  m_CorrespondingSourceObject: {fileID: 0}
  m_PrefabInstance: {fileID: 0}
  m_PrefabAsset: {fileID: 0}
  serializedVersion: 6
  m_Component:
  - component: {fileID: 5683429526491099402}
  - component: {fileID: 7750139105449105740}
  - component: {fileID: 3353890367245687150}
  - component: {fileID: 4632624613909190892}
  m_Layer: 0
  m_Name: tree_maple
  m_TagString: Untagged
  m_Icon: {fileID: 0}
  m_NavMeshLayer: 0
  m_StaticEditorFlags: 0
  m_IsActive: 1
--- !u!4 &5683429526491099402
Transform:
  m_ObjectHideFlags: 0
  m_CorrespondingSourceObject: {fileID: 0}
  m_PrefabInstance: {fileID: 0}
  m_PrefabAsset: {fileID: 0}
  m_GameObject: {fileID: 2878207846818130921}
  m_LocalRotation: {x: 0, y: 0, z: 0, w: 1}
  m_LocalPosition: {x: 0, y: 0, z: 0}
  m_LocalScale: {x: 1, y: 1, z: 1}
  m_ConstrainProportionsScale: 0
  m_Children:
  - {fileID: 8952423903405756519}
  m_Father: {fileID: 0}
  m_RootOrder: 0
  m_LocalEulerAnglesHint: {x: 0, y: 0, z: 0}
--- !u!114 &7750139105449105740
MonoBehaviour:
  m_ObjectHideFlags: 0
  m_CorrespondingSourceObject: {fileID: 0}
  m_PrefabInstance: {fileID: 0}
  m_PrefabAsset: {fileID: 0}
  m_GameObject: {fileID: 2878207846818130921}
  m_Enabled: 1
  m_EditorHideFlags: 0
  m_Script: {fileID: 11500000, guid: 42a6cb46be21d444287a96a322a96cb1, type: 3}
  m_Name: 
  m_EditorClassIdentifier: 
  ID: 
--- !u!114 &3353890367245687150
MonoBehaviour:
  m_ObjectHideFlags: 0
  m_CorrespondingSourceObject: {fileID: 0}
  m_PrefabInstance: {fileID: 0}
  m_PrefabAsset: {fileID: 0}
  m_GameObject: {fileID: 2878207846818130921}
  m_Enabled: 1
  m_EditorHideFlags: 0
  m_Script: {fileID: 11500000, guid: 20a7077a9db6d6d41950ce73134e6116, type: 3}
  m_Name: 
  m_EditorClassIdentifier: 
  generationInterval: 60
  generationAmount: 20
  timer: 0
--- !u!114 &4632624613909190892
MonoBehaviour:
  m_ObjectHideFlags: 0
  m_CorrespondingSourceObject: {fileID: 0}
  m_PrefabInstance: {fileID: 0}
  m_PrefabAsset: {fileID: 0}
  m_GameObject: {fileID: 2878207846818130921}
  m_Enabled: 1
  m_EditorHideFlags: 0
  m_Script: {fileID: 11500000, guid: f1903de1389923f4ca587470141e36f0, type: 3}
  m_Name: 
  m_EditorClassIdentifier: 
  growthInterval: 180
  growthSteps: 12
  timer: 0
  current_step: 1
  treeObject: {fileID: 8608268635590822621}
--- !u!1001 &8914839620064786316
PrefabInstance:
  m_ObjectHideFlags: 0
  serializedVersion: 2
  m_Modification:
    m_TransformParent: {fileID: 5683429526491099402}
    m_Modifications:
    - target: {fileID: -8679921383154817045, guid: 415e7614b73510c408bae0a38d88f1e1,
        type: 3}
      propertyPath: m_RootOrder
      value: 0
      objectReference: {fileID: 0}
    - target: {fileID: -8679921383154817045, guid: 415e7614b73510c408bae0a38d88f1e1,
        type: 3}
      propertyPath: m_LocalScale.x
      value: 300
      objectReference: {fileID: 0}
    - target: {fileID: -8679921383154817045, guid: 415e7614b73510c408bae0a38d88f1e1,
        type: 3}
      propertyPath: m_LocalScale.y
      value: 300
      objectReference: {fileID: 0}
    - target: {fileID: -8679921383154817045, guid: 415e7614b73510c408bae0a38d88f1e1,
        type: 3}
      propertyPath: m_LocalScale.z
      value: 300
      objectReference: {fileID: 0}
    - target: {fileID: -8679921383154817045, guid: 415e7614b73510c408bae0a38d88f1e1,
        type: 3}
      propertyPath: m_LocalPosition.x
      value: 0
      objectReference: {fileID: 0}
    - target: {fileID: -8679921383154817045, guid: 415e7614b73510c408bae0a38d88f1e1,
        type: 3}
      propertyPath: m_LocalPosition.y
      value: 0
      objectReference: {fileID: 0}
    - target: {fileID: -8679921383154817045, guid: 415e7614b73510c408bae0a38d88f1e1,
        type: 3}
      propertyPath: m_LocalPosition.z
      value: 0
      objectReference: {fileID: 0}
    - target: {fileID: -8679921383154817045, guid: 415e7614b73510c408bae0a38d88f1e1,
        type: 3}
      propertyPath: m_LocalRotation.w
      value: 0.7071068
      objectReference: {fileID: 0}
    - target: {fileID: -8679921383154817045, guid: 415e7614b73510c408bae0a38d88f1e1,
        type: 3}
      propertyPath: m_LocalRotation.x
      value: -0.7071068
      objectReference: {fileID: 0}
    - target: {fileID: -8679921383154817045, guid: 415e7614b73510c408bae0a38d88f1e1,
        type: 3}
      propertyPath: m_LocalRotation.y
      value: -0
      objectReference: {fileID: 0}
    - target: {fileID: -8679921383154817045, guid: 415e7614b73510c408bae0a38d88f1e1,
        type: 3}
      propertyPath: m_LocalRotation.z
      value: -0
      objectReference: {fileID: 0}
    - target: {fileID: -8679921383154817045, guid: 415e7614b73510c408bae0a38d88f1e1,
        type: 3}
      propertyPath: m_LocalEulerAnglesHint.x
      value: -90
      objectReference: {fileID: 0}
    - target: {fileID: -8679921383154817045, guid: 415e7614b73510c408bae0a38d88f1e1,
        type: 3}
      propertyPath: m_LocalEulerAnglesHint.y
      value: 0
      objectReference: {fileID: 0}
    - target: {fileID: -8679921383154817045, guid: 415e7614b73510c408bae0a38d88f1e1,
        type: 3}
      propertyPath: m_LocalEulerAnglesHint.z
      value: 0
      objectReference: {fileID: 0}
    - target: {fileID: 919132149155446097, guid: 415e7614b73510c408bae0a38d88f1e1,
        type: 3}
      propertyPath: m_Name
      value: tree7
      objectReference: {fileID: 0}
    m_RemovedComponents: []
  m_SourcePrefab: {fileID: 100100000, guid: 415e7614b73510c408bae0a38d88f1e1, type: 3}
--- !u!1 &8608268635590822621 stripped
GameObject:
  m_CorrespondingSourceObject: {fileID: 919132149155446097, guid: 415e7614b73510c408bae0a38d88f1e1,
    type: 3}
  m_PrefabInstance: {fileID: 8914839620064786316}
  m_PrefabAsset: {fileID: 0}
--- !u!4 &8952423903405756519 stripped
Transform:
  m_CorrespondingSourceObject: {fileID: -8679921383154817045, guid: 415e7614b73510c408bae0a38d88f1e1,
    type: 3}
  m_PrefabInstance: {fileID: 8914839620064786316}
  m_PrefabAsset: {fileID: 0}
